<?xml version="1.0" encoding="UTF-8"?><collection xmlns="http://www.loc.gov/MARC21/slim"><record><leader>00362nam--2200121-i-4500</leader><controlfield tag="001">000041999</controlfield><controlfield tag="002">20161230</controlfield><controlfield tag="005">20161230201043</controlfield><controlfield tag="008">060222s1000------------r-----000-0-eng-d</controlfield><datafield ind1=" " ind2=" " tag="100"><subfield code="a">Smith,S.E., White P.A.F</subfield></datafield><datafield ind1=" " ind2=" " tag="245"><subfield code="a">Inert atmospheres in the chemical, metallurgical and atomic energy industries</subfield></datafield><datafield ind1=" " ind2=" " tag="260"><subfield code="a">London, Butterworths, 1962. Viii + 235 P</subfield></datafield><datafield ind1=" " ind2=" " tag="852"><subfield code="a">18019</subfield></datafield></record></collection>